@article{clausen1999principles,
  title={Branch and bound algorithms-principles and examples},
  author={Clausen, Jens},
  journal={Department of computer science, University of Copenhagen},
  pages={1--30},
  year={1999}
}

@article{indriyono2024sudoku,
    author = {Indriyono, Bonifacius and Wardani, Ratna and Susanti, Titin and Wulandari, Laili and Fathurrohim, Moh and Pratiwi, Rifka and Safitri, Endah},
    year = {2024},
    month = {07},
    pages = {40-47},
    title = {Analysis of the Concept of Solving the Sudoku Game Using Backtracking and Brute Force Algorithms},
    volume = {6},
    journal = {International Journal of Artificial Intelligence \& Robotics (IJAIR)},
    doi = {10.25139/ijair.v6i1.8377}
}

% Defines teques
@article{shilov2011rutemplateverif,
    author = {Shilov N.V.},
    title = {Verification of Backtracking and Branch and Bound Design Templates},
    year = {2011},
    journal = {Moedling and Analysis of Information Systems},
    volume = {18},
    pages = {168-180},
    note = {(in Russ.)}
}

% Defines teques.
% Provides a proof (based on the monotonicity requirements, which must hold for us too (?)),
% however, it considers the boundary function boolean (but it takes two arguments, so, close
% to our case). Proved via Floyd-Hoare
@article{shilov2012verifmono,
  title={Verification of backtracking and branch and bound design templates},
  author={Shilov Nikolay V.},
  journal={Automatic Control and Computer Sciences},
  volume={46},
  pages={402--409},
  year={2012},
  publisher={Springer}
}

@inproceedings{narkawicz2013formalnasa,
  title={A formally verified generic branching algorithm for global optimization},
  author={Narkawicz, Anthony and Munoz, C{\'e}sar},
  booktitle={Working Conference on Verified Software: Theories, Tools, and Experiments},
  pages={326--343},
  year={2013},
  organization={Springer}
}

@inproceedings{smith2015rigorous,
  title={A rigorous generic branch and bound solver for nonlinear problems},
  author={Smith, Andrew P and Munoz, C{\'e}sar A and Narkawicz, Anthony J and Markevicius, Mantas},
  booktitle={2015 17th International Symposium on Symbolic and Numeric Algorithms for Scientific Computing (SYNASC)},
  pages={71--78},
  year={2015},
  organization={IEEE}
}

% (They don't seem to formalize anything. Not including.)
@inproceedings{zarpellon2021parameterizinglearnpolicies,
  title={Parameterizing branch-and-bound search trees to learn branching policies},
  author={Zarpellon, Giulia and Jo, Jason and Lodi, Andrea and Bengio, Yoshua},
  booktitle={Proceedings of the aaai conference on artificial intelligence},
  volume={35},
  number={5},
  pages={3931--3939},
  year={2021}
}

% Binary tree; floating-point numbers
@article{breuel2003geometric,
  title={Implementation techniques for geometric branch-and-bound matching methods},
  author={Breuel, Thomas M},
  journal={Computer Vision and Image Understanding},
  volume={90},
  number={3},
  pages={258--294},
  year={2003},
  publisher={Elsevier}
}

@article{johnson1988modular,
  title={Efficient modular implementation of branch-and-bound algorithms},
  author={Johnson, Roger V},
  journal={Decision Sciences},
  volume={19},
  number={1},
  pages={17--38},
  year={1988},
  publisher={Wiley Online Library}
}

% defines the knapsack problem
% Binary tree
@inproceedings{lalami2012gpu,
  title={GPU implementation of the branch and bound method for knapsack problems},
  author={Lalami, Mohamed Esseghir and El-Baz, Didier},
  booktitle={2012 IEEE 26th International Parallel and Distributed Processing Symposium Workshops \& PhD Forum},
  pages={1769--1777},
  year={2012},
  organization={IEEE}
}

% Binary tree
@article{bard1990bilevel,
  title={A branch and bound algorithm for the bilevel programming problem},
  author={Bard, Jonathan F and Moore, James T},
  journal={SIAM Journal on Scientific and Statistical Computing},
  volume={11},
  number={2},
  pages={281--292},
  year={1990},
  publisher={SIAM}
}

@article{prenner1972proglangs,
  title={An implementation of backtracking for programming languages},
  author={Prenner, Charles J and Spitzen, Jay M and Wegbreit, Ben},
  journal={ACM SIGPLAN Notices},
  volume={7},
  number={11},
  pages={36--44},
  year={1972},
  publisher={ACM New York, NY, USA}
}

@article{finkel1987distrib,
  title={DIBâ€”a distributed implementation of backtracking},
  author={Finkel, Raphael and Manber, Udi},
  journal={ACM Transactions on Programming Languages and Systems (TOPLAS)},
  volume={9},
  number={2},
  pages={235--256},
  year={1987},
  publisher={ACM New York, NY, USA}
}

-- Replaced with the following
@article{smirnov2017concur,
  title={Implementation of concurrent parallelization of branch-and-bound algorithm in Everest distributed environment},
  author={Smirnov, Sergey and Voloshinov, Vladimir},
  journal={Procedia computer science},
  volume={119},
  pages={83--89},
  year={2017},
  publisher={Elsevier}
}

-- Replaces the previous
@article{voloshinov2017implementation,
  title={Implementation and use of coarse-grained parallel branch-and-bound in Everest distributed environment},
  author={Voloshinov, Vladimir and Smirnov, Sergey and Sukhoroslov, Oleg},
  journal={Procedia Computer Science},
  volume={108},
  pages={1532--1541},
  year={2017},
  publisher={Elsevier}
}

@book{klabnik2023rust,
  title={The Rust programming language},
  author={Klabnik, Steve and Nichols, Carol},
  year={2023},
  publisher={No Starch Press}
}

@article{ebert2016cyclomatic,
  title={Cyclomatic complexity},
  author={Ebert, Christof and Cain, James and Antoniol, Giuliano and Counsell, Steve and Laplante, Phillip},
  journal={IEEE software},
  volume={33},
  number={6},
  pages={27--29},
  year={2016},
  publisher={IEEE}
}

@online{LendingIterator,
  author = {Niko Matsakis},
  title = {Giving, lending, and async closures},
  year = 2023,
  url = {https://smallcultfollowing.com/babysteps/blog/2023/05/09/giving-lending-and-async-closures/},
  urldate = {2025-05-11}
}

#@ARTICLE{A,
  author = {A. A. Aardvark},
  title = {Article title},
  journal = {Journal Title},
  year = {1900},
  volume = {1},
  pages = {1--8},
  number = {1}
}

#@incollection{B,
  pages = {627-637},
  title = {Title of chapter in the book,},
  author = {Sweetser, Penny},
  crossref = {crref}
}
#@book{crref,
  title = {Title of Published Book},
  booktitle = {Title of Published Book},
  publisher = {Charles River Media},
  year = {2004},
  address = {Hingham, Massachusetts, USA},
  edition = {1}
}

#@ARTICLE{C,
  author = {A. A. Abramson and B. B. Barbie and C. C. Rider},
  title = {Article title},
  journal = {Journal Three},
  year = {1900},
  volume = {1},
  pages = {192--244},
  number = {1}
}

#@ARTICLE{D,
  author = {J.K.Author},
  title = {Article title},
  journal = {Journal Three},
  year = {1900},
  month = {6},
  volume = {1},
  pages = {192--244},
  number = {1},
  note="Accessed: June 19, 2005. doi: 10.1109/TTHZ.2016.2544142. [Online]. Available: \url{https://ieeexplore.ieee.org/document/7463081}"
}

#@CONFERENCE{F,
  author       = "J\dot K\dot Author",
  title        = "Title of paper",
  booktitle    = "Abbreviated Name of Conf.",
  note         = "1900, pp. 16--19. Accessed: June 19, 2005. [Online]. Available: \url{http://www.computer.org/csdl/proceedings/dac/2003/2394/00/2394001-abs.html}",
}
